@misc{ArcusFoundation2014,
  author    = {{Arcus Foundation}},
  title     = {State of the Apes: Extractive Industries and Ape Conservation},
  year      = {2014},
  editor    = {Rainer, H. and White, A. and Lanjouw, A.},
  publisher = {Cambridge University Press},
  address   = {Cambridge, UK},
  note      = {Volume I of the State of the Apes series. See also https://www.stateoftheapes.com/}
}

@misc{ArcusFoundation2020,
  author    = {{Arcus Foundation}},
  title     = {State of the Apes: Killing, Capture, Trade and Conservation},
  year      = {2020},
  editor    = {Rainer, H. and White, A. and Lanjouw, A.},
  publisher = {Cambridge University Press},
  address   = {Cambridge, UK},
  note      = {Volume I of the State of the Apes series. See also https://www.stateoftheapes.com/}
}

@techreport{Arandjelovic2018,
  author      = {Arandjelovic, Mimi and Vigilant, Linda},
  title       = {Genetic census and monitoring of wild chimpanzee and gorilla populations},
  institution = {Max Planck Institute for Evolutionary Anthropology},
  year        = {2018},
  type        = {Review/Perspective}
}

@article{Bettinger2021,
  author  = {Bettinger, T. and Farmer, K. H. and Gadsby, E. L. and Glew, L. and Williamson, E. A.},
  title   = {Engaging local communities is key to great ape conservation: assessing evidence for behaviour change},
  journal = {Oryx},
  year    = {2021},
  volume  = {55},
  number  = {5},
  pages   = {703--713},
  doi     = {10.1017/S003060532000108X},
  pmid    = {33170515}
}

@article{Bezanson2019,
  title     = {The what and where of primate field research may be failing primate conservation},
  author    = {Bezanson, Michelle and McNamara, Allison},
  journal   = {Evolutionary Anthropology: Issues, News, and Reviews},
  volume    = {28},
  number    = {4},
  pages     = {166--178},
  year      = {2019},
  publisher = {Wiley Online Library}
}

@article{Burton2015,
  author  = {Burton, A. Cole and Neilson, Eric and Moreira, Daniel and Ladle, Andrew and Steenweg, Robin and Fisher, Jason T. and Bayne, Erin and Boutin, Stan},
  title   = {Wildlife camera trapping: a review and recommendations for linking surveys to ecological processes},
  journal = {Journal of Applied Ecology},
  year    = {2015},
  volume  = {52},
  number  = {3},
  pages   = {675--685},
  doi     = {10.1111/1365-2664.12432}
}

@article{brookes2024panaf20k,
  title     = {Panaf20k: a large video dataset for wild ape detection and behaviour recognition},
  author    = {Brookes, Otto and Mirmehdi, Majid and Stephens, Colleen and Angedakin, Samuel and Corogenes, Katherine and Dowd, Dervla and Dieguez, Paula and Hicks, Thurston C and Jones, Sorrel and Lee, Kevin and others},
  journal   = {International Journal of Computer Vision},
  volume    = {132},
  number    = {8},
  pages     = {3086--3102},
  year      = {2024},
  publisher = {Springer}
}

@inproceedings{brookes2025fgbg,
  author    = {Otto Brookes and Maksim Kukushkin and Majid Mirmehdi and Colleen Stephens and Paula Dieguez and Thurston C. Hicks and Sorrel Jones and Kevin Lee and Maureen S. McCarthy and Amelia Meier and Emmanuelle Normand and Erin G. Wessling and Roman M. Wittig and Kevin Langergraber and Klaus Zuberbühler and Lukas Boesch and Thomas Schmid and Mimi Arandjelovic and Hjalmar Kühl and Tilo Burghardt},
  title     = {PanAfFGBG: Understanding the Impact of Backgrounds in Wildlife Behaviour Recognition},
  booktitle = {Proceedings of the IEEE/CVF Conference on Computer Vision and Pattern Recognition (CVPR)},
  year      = {2025}
}

@article{Campbell2008,
  author  = {Campbell, Genevieve and Kuehl, Hjalmar and N'Goran, Kouamé Paul and Boesch, Christophe},
  title   = {Ethical Issues in Great Ape Research},
  journal = {ILAR Journal},
  year    = {2008},
  volume  = {50},
  number  = {3},
  pages   = {310--317},
  doi     = {10.1093/ilar.50.3.310}
}

@techreport{Campbell2015,
  author      = {Campbell, Genevieve and Houngbedji, Martial},
  title       = {Conservation status of the West African chimpanzee (Pan troglodytes verus) in Togo and Benin},
  institution = {Primate Action Fund},
  year        = {2015},
  address     = {Arlington, VA}
}

@article{Ceballos2020,
  title     = {Vertebrates on the brink as indicators of biological annihilation and the sixth mass extinction},
  author    = {Ceballos, Gerardo and Ehrlich, Paul R and Raven, Peter H},
  journal   = {Proceedings of the National Academy of Sciences},
  volume    = {117},
  number    = {24},
  pages     = {13596--13602},
  year      = {2020},
  publisher = {National Academy of Sciences}
}

@article{Clucas2008,
  author  = {Clucas, B. and McHugh, K. and Caro, T.},
  title   = {Flagship species on covers of US conservation and nature magazines},
  journal = {Biodiversity and Conservation},
  volume  = {17},
  number  = {6},
  pages   = {1517--1528},
  year    = {2008},
  doi     = {10.1007/s10531-008-9383-z},
  url     = {https://doi.org/10.1007/s10531-008-9383-z}
}

@misc{Cruchant2020,
  author       = {Cruchant, Chloe},
  title        = {Health monitoring in great apes: The use of neopterin as a noninvasive marker in monitoring diseases in wild chimpanzees (Pan troglodytes verus)},
  year         = {2020},
  howpublished = {PhD Thesis, University of Strasbourg}
}

@book{Dobson1989,
  editor    = {Kappeler, Peter M. and Pereira, Michael E. and van Schaik, Carel P.},
  title     = {Primate Life Histories and Socioecology},
  publisher = {University of Chicago Press},
  year      = {2003},
  address   = {Chicago}
}

@article{Dudley2002,
  author  = {Dudley, Joseph P. and Ginsberg, Joshua R. and Plumptre, Andrew J. and Hart, John A. and Campos, Lilian C.},
  title   = {Effects of War and Civil Strife on Wildlife and Wildlife Habitats},
  journal = {Conservation Biology},
  year    = {2002},
  volume  = {16},
  number  = {2},
  pages   = {319--329},
  doi     = {10.1046/j.1523-1739.2002.00339.x}
}

@article{Ginn2013,
  author  = {Ginn, Laura A. and Nekaris, K. A. I. and Porter, Leila M.},
  title   = {The First Survey of the Conservation Status of Primates in Southern Burkina Faso, West Africa},
  journal = {Primate Conservation},
  year    = {2014},
  volume  = {28},
  number  = {1},
  pages   = {129--136},
  doi     = {10.1896/052.028.0106}
}

@article{Head2013,
  author  = {Head, Josephine S. and Boesch, Christophe and Makaga, Lilian P. and Kuhl, Hjalmar S.},
  title   = {Sleeping patterns in wild habituated chimpanzees (Pan troglodytes troglodytes) in the northern Republic of Congo},
  journal = {American Journal of Primatology},
  year    = {2013},
  volume  = {75},
  number  = {10},
  pages   = {1057--1067},
  doi     = {10.1002/ajp.22166}
}

@article{Hebblewhite2010,
  author  = {Hebblewhite, Mark and Haydon, Daniel T.},
  title   = {Distinguishing technology from biology: a critical review of the use of GPS telemetry data in ecology},
  journal = {Philosophical Transactions of the Royal Society B: Biological Sciences},
  year    = {2010},
  volume  = {365},
  number  = {1550},
  pages   = {2303--2312},
  doi     = {10.1098/rstb.2010.0087},
  pmid    = {20566505},
  pmcid   = {PMC2894919}
}

@techreport{Hockings2015,
  author      = {Hockings, Kimberley J. and Humle, Tatyana},
  title       = {Best Practice Guidelines for the Prevention and Mitigation of Conflict Between Humans and Great Apes},
  institution = {IUCN SSC Primate Specialist Group},
  year        = {2009},
  address     = {Gland, Switzerland}
}

@misc{Howe2019,
  author    = {Howe, Cymene},
  title     = {Ecologics: Wind and Power in the Anthropocene},
  year      = {2019},
  publisher = {Duke University Press}
}

@article{Humle2016,
  author  = {Humle, T. and Boesch, C. and Campbell, G. and Junker, J. and Koops, K. and Kuehl, H. and Sop, T.},
  title   = {Pan troglodytes ssp. verus},
  journal = {The IUCN Red List of Threatened Species},
  year    = {2016},
  volume  = {2016},
  pages   = {e.T15935A17989872},
  doi     = {10.2305/IUCN.UK.2016-2.RLTS.T15935A17989872.en},
  note    = {IUCN Red List assessment for Western Chimpanzee.}
}

@article{Junker2017,
  author    = {Junker, Jessica and Blake, Stephen and Boesch, Christophe and Campbell, Genevieve and {et al.}},
  title     = {Primate Conservation},
  journal   = {Chapter 7 in: What Works in Conservation 2017},
  editor    = {Sutherland, William J. and Dicks, Lynn V. and Ockendon, Nancy and Petrovan, Silviu O. and Smith, Rebecca K.},
  publisher = {Open Book Publishers},
  year      = {2017},
  address   = {Cambridge, UK},
  pages     = {429--477},
  doi       = {10.11647/OBP.0109.07}
}

@article{Junker2020,
  title     = {A severe lack of evidence limits effective conservation of the world's primates},
  author    = {Junker, Jessica and Petrovan, Silviu O and Arroyo-Rodr{\'I}guez, Victor and Boonratana, Ramesh and Byler, Dirck and Chapman, Colin A and Chetry, Dilip and Cheyne, Susan M and Cornejo, Fanny M and Cort{\'E}s-Ortiz, Liliana and others},
  journal   = {BioScience},
  volume    = {70},
  number    = {9},
  pages     = {794--803},
  year      = {2020},
  publisher = {Oxford University Press}
}

@article{Karanth1998,
  author  = {Karanth, K. Ullas and Nichols, James D.},
  title   = {Estimation of tiger densities in India using photographic captures and recaptures},
  journal = {Ecology},
  year    = {1998},
  volume  = {79},
  number  = {8},
  pages   = {2852--2862},
  doi     = {10.1890/0012-9658(1998)0792.0.CO;2}
}

@article{Kondgen2008,
  author  = {Köndgen, Sophie and Kühl, Hjalmar and N'Goran, Paul K. and Walsh, Peter D. and Schenk, Sebastien and Ernst, Nicole and Biek, Roman and Formenty, Pierre and Mätz-Rensing, Kerstin and Schweiger, Brunhilde and others},
  title   = {Pandemic human viruses cause decline of endangered great apes},
  journal = {Current Biology},
  year    = {2008},
  volume  = {18},
  number  = {4},
  pages   = {260--264},
  doi     = {10.1016/j.cub.2008.01.012},
  pmid    = {18291642}
}

@article{Kouakou2009,
  author  = {Kouakou, C. Y. and Boesch, C. and Kuehl, H.},
  title   = {Estimating chimpanzee population size with nest counts: validating methods in Taï National Park},
  journal = {American Journal of Primatology},
  year    = {2009},
  volume  = {71},
  number  = {6},
  pages   = {447--457},
  doi     = {10.1002/ajp.20670},
  pmid    = {19229959}
}

@article{Kuhl2017,
  author  = {Kühl, Hjalmar S. and Sop, Tenekwetche and Williamson, Elizabeth A. and Mundry, Roger and Jones, Sam T. and Junker, Jessica and others},
  title   = {The critically endangered western chimpanzee Pan troglodytes verus declines by 80%},
  journal = {American Journal of Primatology},
  year    = {2017},
  volume  = {79},
  number  = {9},
  pages   = {e22681},
  doi     = {10.1002/ajp.22681},
  pmid    = {28493304}
}

@article{Marshall2016,
  author  = {Marshall, Andrew J. and Beaudrot, Lydia and Lonsdorf, Elizabeth V. and Nekaris, K. Anne-Isola and Wrangham, Richard W. and Gillespie, Thomas R.},
  title   = {Charisma counts: The presence of great apes affects the allocation of research effort in the paleotropics},
  journal = {Frontiers in Ecology and Evolution},
  year    = {2016},
  volume  = {4},
  pages   = {11},
  doi     = {10.3389/fevo.2016.00011}
}

@misc{MEA2005,
  author    = {{Millennium Ecosystem Assessment}},
  title     = {Ecosystems and Human Well-being: Synthesis},
  year      = {2005},
  publisher = {Island Press},
  address   = {Washington, DC},
  isbn      = {1-59726-040-1},
  url       = {https://www.millenniumassessment.org/documents/document.356.aspx.pdf}
}

@book{Morgan2011,
  author    = {Morgan, B. J. and Adeleke, A. and Bassey, T. and Bergl, R. and Dunn, A. and Fotso, R. and Gadsby, E. and Gonder, K. and Greengrass, E. and Koulagna, D. K. and Mbah, G. and Nicholas, A. and Oates, J. and Omeni, F. and Saidu, Y. and Sommer, V. and Sunderland-Groves, J. and Tiebou, J. and Williamson, E.},
  title     = {Regional Action Plan for the Conservation of the Nigeria-Cameroon Chimpanzee (Pan troglodytes ellioti)},
  publisher = {IUCN/SSC Primate Specialist Group and Zoological Society of San Diego},
  year      = {2011},
  address   = {Gland, Switzerland and San Diego, CA, USA},
  note      = {Based on.[81, 83]}
}

@article{Nathan2022,
  author  = {Nathan, Ran and Monk, Christopher T. and Arlinghaus, Robert and Adam, Thomas and Alós, Josep and Assaf, Michael and Baktoft, Henrik and Beardsworth, Christopher E. and Bertram, Michael G. and Bijleveld, Allert I. and others},
  title   = {Big-data approaches lead to an increased understanding of the ecology of animal movement},
  journal = {Science},
  year    = {2022},
  volume  = {375},
  number  = {6582},
  pages   = {eabg1780},
  doi     = {10.1126/science.abg1780},
  pmid    = {35175827}
}

@article{Obbard2010,
  author  = {Obbard, Martyn E. and Cattet, Marc R. L. and Moody, Thomas and Walton, L. R. and Potter, D. and Inglis, J. and Chenier, C. and Stapleton, S.},
  title   = {Estimating the Abundance of Polar Bears in Southern Hudson Bay},
  journal = {Arctic},
  year    = {2015},
  volume  = {68},
  number  = {4},
  pages   = {440--451},
  doi     = {10.14430/arctic4523}
}

@article{Paine1969,
  author  = {Paine, R. T.},
  title   = {A note on trophic complexity and community stability},
  journal = {The American Naturalist},
  volume  = {103},
  number  = {929},
  pages   = {91--93},
  year    = {1969},
  doi     = {10.1086/282586}
}

@misc{Palminteri2018,
  author       = {Palminteri, Sue and Goodman, Gerry and Lowenstine, Linda J. and Gilardi, Kirsten V. K.},
  title        = {Threats to Great Apes},
  year         = {2018},
  howpublished = {Docs4GreatApes website},
  url          = {https://www.docs4greatapes.org/threats}
}

@article{Plumptre2010,
  author  = {Plumptre, Andrew J. and Nixon, S. and Kujirakwinja, D. K. and Vieilledent, G. and Critchlow, R. and Nishuli, R. and Kirkby, A. E. and Williamson, E. A.},
  title   = {Status of Grauer's Gorilla and Eastern Chimpanzee populations in Eastern Democratic Republic of Congo: historical and recent survey results},
  journal = {Unpublished report to USFWS},
  year    = {2015}
}

@article{Pollock2025,
  doi       = {10.1101/2025.03.01.640990},
  author    = {Villalva, Pablo and Jordano, Pedro},
  title     = {A Machine Learning Application to Camera-Traps: Robust Species Interactions Datasets for Analysis of Mutualistic Networks},
  journal   = {bioRxiv},
  publisher = {Cold Spring Harbor Laboratory},
  year      = {2025},
  month     = {mar},
  url       = {https://www.biorxiv.org/content/10.1101/2025.03.01.640990v1}
}

@article{Tracey2005,
  author  = {Tracey, J. A. and Fleming, P. J. S. and Melville, G. J.},
  title   = {Does the method of deployment matter? A case study using remote cameras to survey mammals},
  journal = {Wildlife Research},
  year    = {2005},
  volume  = {32},
  number  = {4},
  pages   = {353--358},
  doi     = {10.1071/WR04032}
}

@article{Tuia2022,
  title     = {Perspectives in machine learning for wildlife conservation},
  author    = {Tuia, Devis and Kellenberger, Benjamin and Beery, Sara and Costelloe, Blair R and Zuffi, Silvia and Risse, Benjamin and Mathis, Alexander and Mathis, Mackenzie W and Van Langevelde, Frank and Burghardt, Tilo and others},
  journal   = {Nature communications},
  volume    = {13},
  number    = {1},
  pages     = {792},
  year      = {2022},
  publisher = {Nature Publishing Group UK London}
}

@article{Tutin1991,
  author  = {Tutin, C. E. G. and Williamson, E. A. and Rogers, M. E. and Fernandez, M.},
  title   = {A case study of a plant-animal relationship: Cola lizae and lowland gorillas in the Lopé Reserve, Gabon},
  journal = {Journal of Tropical Ecology},
  year    = {1991},
  volume  = {7},
  number  = {2},
  pages   = {181--199},
  doi     = {10.1017/S026646740000540X}
}

@article{Walsh2008,
  author  = {Walsh, Peter D. and Maisels, Fiona and Stokes, Emma J. and Gatti, S. and Hickisch, R. and Strindberg, S. and Blake, S. and Aba'a, R. and Ambassa, P. and Berlemont, A. and others},
  title   = {Gorilla gorilla ssp. gorilla},
  journal = {The IUCN Red List of Threatened Species},
  year    = {2008},
  volume  = {2008},
  pages   = {e.T9406A12984306},
  doi     = {10.2305/IUCN.UK.2008.RLTS.T9406A12984306.en}
}

@article{Wilton2014,
  author  = {Wilton, P. R. and Stevens, J. M. and Laurans, M. and Boubli, J. P. and Lehmann, J.},
  title   = {Using non-invasive genetic sampling to estimate density of an elusive chimpanzee population in the Moyen-Bafing National Park, Guinea},
  journal = {BMC Ecology and Evolution},
  year    = {2021},
  volume  = {21},
  number  = {1},
  pages   = {188},
  doi     = {10.1186/s12862-021-01918-w}
}

@article{Witmer2005,
  author  = {Witmer, Gary W.},
  title   = {Wildlife population monitoring: some practical considerations},
  journal = {Wildlife Research},
  year    = {2005},
  volume  = {32},
  number  = {3},
  pages   = {259--263},
  doi     = {10.1071/WR02101}
}